@misc{turing,
  title={Multi-Agent Systems},
  author={Alan~Turing~Institute},
  url={https://www.turing.ac.uk/research/interest-groups/multi-agent-systems}
}

@book{boissier2020multi,
  title={Multi-agent oriented programming: programming multi-agent systems using JaCaMo},
  author={Boissier, Olivier and Bordini, Rafael H and Hubner, Jomi and Ricci, Alessandro},
  year={2020},
  publisher={MIT Press}
}

@article{burattini2022agent,
  title={Agent-Oriented Visual Programming for the Web of Things},
  author={Burattini, Samuele and Ricci, Alessandro and Mayer, Simon and Vachtsevanou, Danai and Lemee, J{\'e}r{\'e}my and Ciortea, Andrei and Croatti, Angelo},
  year={2022}
}